@misc{opencv,
    title   = {{About - OpenCV}},
    journal = {OpenCV},
    year    = {2020},
    note    = {[Online; accessed 18. Jan. 2022]},
    url     = {https://opencv.org/about}
}

@misc{epoch,
    title   = {{エポック(epoch)数とは【機械学習 / Deep Learning】}},
    journal = {St{$\_$}Hakky{'}s blog},
    year    = {2018},
    note    = {[Online; accessed 18. Jan. 2022]},
    url     = {https://www.st-hakky-blog.com/entry/2017/01/17/165137}
}

@misc{m-learning,
    title = {{機械学習 | 用語解説 | 野村総合研究所(NRI)}},
    year  = {2022},
    note  = {[Online; accessed 18. Jan. 2022]},
    url   = {https://www.nri.com/jp/knowledge/glossary/lst/ka/machine_learning}
}

@misc{o-learning,
    title   = {{過学習（過剰適合）とは - IT用語辞典 e-Words}},
    journal = {IT用語辞典 e-Words},
    year    = {2021},
    note    = {[Online; accessed 18. Jan. 2022]},
    url     = {https://e-words.jp/w/過学習.html}
}

@book{2006離散数学入門,
    title     = {離散数学入門},
    author    = {守屋悦朗},
    yomi      = {もりや},
    year      = {2006},
    publisher = {サイエンス社}
}

@book{亀田1994分散アルゴリズム,
    title     = {分散アルゴリズム},
    author    = {亀田恒彦 and 山下雅史},
    yomi      = {かめだ},
    year      = {1994},
    publisher = {近代科学社}
}

@article{Cheriyan1988IST,
    author  = {Cheriyan, J. and Maheshwari, S. N.},
    title   = {{Finding nonseparating induced cycles and independent spanning trees in 3-connected graphs}},
    journal = {Journal of Algorithms},
    volume  = {9},
    number  = {4},
    pages   = {507--537},
    year    = {1988}
}

@article{Huck1999Planar,
    author    = {Huck, A.},
    title     = {Independent trees in planar graphs},
    journal   = {Graphs and Combinatorics},
    volume    = {15},
    pages     = {29--77},
    year      = {1999},
    urldate   = {2023-02-06},
    issn      = {1435-5914},
    publisher = {Springer-Verlag},
    doi       = {10.1007/PL00021190}
}

@article{curran2006finding,
    title     = {Finding four independent trees},
    author    = {Curran, S. and Lee, O. and Yu, X.},
    sortname  = {cl},
    journal   = {SIAM Journal on Computing},
    volume    = {35},
    number    = {5},
    pages     = {1023--1058},
    year      = {2006},
    publisher = {SIAM}
}

@book{chartrand1993applied,
    title     = {Applied and Algorithmic Graph Theory},
    author    = {Chartrand, G. and Oellermann, O. R.},
    sortname  = {co},
    year      = {1993},
    publisher = {McGraw-Hill}
}

@article{YukihiroHAMADA2016,
    title   = {Independent spanning trees of 2-chordal rings},
    author  = {Hamada, Y.},
    journal = {IEICE Transactions on Fundamentals of Electronics, Communications and Computer Sciences},
    volume  = {E99-A},
    number  = {1},
    pages   = {355-362},
    year    = {2016},
    doi     = {10.1587/transfun.E99.A.355}
}

@article{obokata1996product,
    title     = {{Independent spanning trees of product graphs and their construction}},
    author    = {Obokata, K. and Iwasaki, Y. and Bao, F. and Igarashi, Y.},
    journal   = {IEICE Transactions on Fundamentals of Electronics, Communications and Computer Sciences},
    volume    = {E79-A},
    number    = {11},
    pages     = {1894--1903},
    year      = {1996},
    publisher = {The Institute of Electronics, Information and Communication Engineers}
}

@article{tang2009torus,
    title     = {Independent spanning trees on multidimensional torus networks},
    author    = {Tang, S-M. and Yang, J-S. and Wang, Y-L. and Chang, J-M.},
    journal   = {IEEE Transactions on Computers},
    volume    = {59},
    number    = {1},
    pages     = {93--102},
    year      = {2009},
    publisher = {IEEE}
}

@article{iwasaki1999CR,
    title     = {Independent spanning trees of chordal rings},
    author    = {Iwasaki, Y. and Kajiwara, Y. and Obokata, K. and Igarashi, Y.},
    journal   = {Information Processing Letters},
    volume    = {69},
    number    = {3},
    pages     = {155--160},
    year      = {1999},
    publisher = {Elsevier}
}

@article{yang2007reducing,
    title     = {Reducing the height of independent spanning trees in chordal rings},
    author    = {Yang, J-D. and Chang, J-M. and Tang, D-M. and Wang, Y-L.},
    journal   = {IEEE Transactions on Parallel and Distributed Systems},
    volume    = {18},
    number    = {5},
    pages     = {644--657},
    year      = {2007},
    publisher = {IEEE}
}

@article{zehavi1989three,
    title     = {Three tree-paths},
    author    = {Zehavi, A. and Itai, A.},
    journal   = {Journal of Graph Theory},
    volume    = {13},
    number    = {2},
    pages     = {175--188},
    year      = {1989},
    publisher = {Wiley Online Library}
}

@article{bao1998reliable,
    title     = {Reliable broadcasting and secure distributing in channel networks},
    author    = {Bao, F. and Funyu, Y. and Hamada, Y. and Igarashi, Y.},
    journal   = {IEICE Transactions on Fundamentals of Electronics, Communications and Computer Sciences},
    volume    = {81-A},
    number    = {5},
    pages     = {796--806},
    year      = {1998},
    publisher = {The Institute of Electronics, Information and Communication Engineers}
}

@article{Nagai2001Linear,
	author = {Nagai, S. and Nakano, S.},
	title = {{A linear-time algorithm to find independent spanning trees in maximal planar graphs}},
	journal = {IEICE Transactions on Fundamentals of Electronics, Communications and Computer Sciences},
	volume = {E84-A},
	number = {5},
	pages = {1102--1109},
	year = {2001},
	publisher = {The Institute of Electronics, Information and Communication Engineers}
}

@article{OshimaKo,
    title   = {拡張コーダルリングの独立全域木に関する研究},
    author  = {大島尚也 and ブー フィ コー},
    yomi    = {おおしま},
    year    = {2015},
    journal = {明石工業高等専門学校卒業研究論文}
}

@article{Yamashita,
    title   = {2-コーダルリング${CR}({N},2,*)$の独立全域木の構築},
    author  = {山下遼河},
    yomi    = {やました},
    year    = {2020},
    journal = {明石工業高等専門学校卒業研究論文}
}

@article{Kato,
    title   = {2-コーダルリング${CR}({N},d_1,2d_1-1)$における独立全域木の構築},
    author  = {加藤稜大},
    yomi    = {かとう},
    year    = {2021},
    journal = {明石工業高等専門学校卒業研究論文}
}

@article{Uemura,
    title   = {2-コーダルリング${CR}({N},d_1,2d_1)$の独立全域木の構築},
    author  = {上村拓也},
    yomi    = {うえむら},
    year    = {2022},
    journal = {明石工業高等専門学校卒業研究論文}
}

@article{Yokooji,
    title   = {2-コーダルリング${CR}({N},d_1,d_1+1)$の独立全域木の構築},
    author  = {横大路弘成},
    yomi    = {よこおおじ},
    year    = {2022},
    journal = {明石工業高等専門学校卒業研究論文}
}
